@article{lauchi2019,
  title = {$S=\frac{1}{2}$ kagome Heisenberg antiferromagnet revisited},
  author = {L\"auchli, Andreas M. and Sudan, Julien and Moessner, Roderich},
  journal = {Phys. Rev. B},
  volume = {100},
  issue = {15},
  pages = {155142},
  numpages = {7},
  year = {2019},
  month = {Oct},
  publisher = {American Physical Society},
  doi = {10.1103/PhysRevB.100.155142},
  url = {https://link.aps.org/doi/10.1103/PhysRevB.100.155142}
}
@article{wietek2018,
  title = {Sublattice coding algorithm and distributed memory parallelization for large-scale exact diagonalizations of quantum many-body systems},
  author = {Wietek, Alexander and L\"auchli, Andreas M.},
  journal = {Phys. Rev. E},
  volume = {98},
  issue = {3},
  pages = {033309},
  numpages = {10},
  year = {2018},
  month = {Sep},
  publisher = {American Physical Society},
  doi = {10.1103/PhysRevE.98.033309},
  url = {https://link.aps.org/doi/10.1103/PhysRevE.98.033309}
}
@article{kawamura2017,
  title = {Quantum lattice model solver $\text{H}\Phi$},
  journal = {Computer Physics Communications},
  volume = {217},
  pages = {180-192},
  year = {2017},
  issn = {0010-4655},
  doi = {https://doi.org/10.1016/j.cpc.2017.04.006},
  url = {https://www.sciencedirect.com/science/article/pii/S0010465517301200},
  author = {Mitsuaki Kawamura and Kazuyoshi Yoshimi and Takahiro Misawa and Youhei Yamaji and Synge Todo and Naoki Kawashima},
}
@article{weinberg2017,
  title = {{QuSpin: a Python Package for Dynamics and Exact Diagonalisation of  Quantum Many Body Systems part I: spin chains}},
  author = {Phillip Weinberg and Marin Bukov},
  journal = {SciPost Phys.},
  volume = {2},
  issue = {1},
  pages = {003},
  year = {2017},
  publisher = {SciPost},
  doi = {10.21468/SciPostPhys.2.1.003},
  url = {https://scipost.org/10.21468/SciPostPhys.2.1.003},
}
@book{salus1994,
  title = {A quarter century of UNIX},
  author = {Salus, Peter H},
  year = {1994},
  publisher = {ACM Press/Addison-Wesley Publishing Co.}
}
@misc{SpinED,
  author = {Westerhout, Tom},
  title = {SpinED},
  year = {2020},
  publisher = {GitHub},
  journal = {GitHub repository},
  howpublished = {\url{https://github.com/twesterhout/spin-ed}},
}
@inproceedings{sandvik2010,
  title = {Computational studies of quantum spin systems},
  author = {Sandvik, Anders W},
  booktitle = {AIP Conference Proceedings},
  volume = {1297},
  number = {1},
  pages = {135--338},
  year = {2010},
  organization= {American Institute of Physics}
}
@article{astrakhantsev2021,
  title = {Broken-Symmetry Ground States of the Heisenberg model on the Pyrochlore Lattice},
  author = {Astrakhantsev, Nikita and Westerhout, Tom and Tiwari, Apoorv and Choo, Kenny and Chen, Ao and Fischer, Mark H and Carleo, Giuseppe and Neupert, Titus},
  journal = {arXiv preprint arXiv:2101.08787},
  year = {2021}
}
@article{bagrov2020,
  title = {Kinetic samplers for neural quantum states},
  author = {Bagrov, Andrey A and Iliasov, Askar A and Westerhout, Tom},
  journal = {arXiv preprint arXiv:2011.02986},
  year = {2020}
}
@article{westerhout2020,
  title = {Generalization properties of neural network approximations to frustrated magnet ground states},
  author = {Westerhout, Tom and Astrakhantsev, Nikita and Tikhonov, Konstantin S and Katsnelson, Mikhail I and Bagrov, Andrey A},
  journal = {Nature communications},
  volume = {11},
  number = {1},
  pages = {1--8},
  year = {2020},
  publisher = {Nature Publishing Group}
}
@article{stathopoulos2010,
  title = {PRIMME: PReconditioned Iterative MultiMethod Eigensolverâ€”methods and software description},
  author = {Stathopoulos, Andreas and McCombs, James R},
  journal = {ACM Transactions on Mathematical Software (TOMS)},
  volume = {37},
  number = {2},
  pages = {1--30},
  year = {2010},
  publisher = {ACM New York, NY, USA}
}
@article{schulenburg2017,
  title = {SPINPACK},
  author = {Schulenburg, J{\"o}rg},
  journal = {Magdeburg University},
  year = {2017},
  url = {\url{https://www-e.ovgu.de/jschulen/spin/}}
}
